@article{
  kravetc:2018,
  author = {Kravetc, Tatiana},
  title = {Finite Element Method Programming},
  issue_date = {2018-02-09},
  month = feb,
  year = {2018}
}

